% This file was created with JabRef 2.7b.
% Encoding: UTF-8

@ARTICLE{mcdonald,
  author = {McDonald A.},
  title = {A Step toward Transparent Boundary Conditions for Meteorological
	Models},
  journal = {//Monthly weather review},
  year = {2001},
  volume = {№130},
  pages = {140-151},
  owner = {erthalion},
  timestamp = {2012.05.31}
}

@BOOK{pml,
  title = {A perfectly matched layer formulation for the nonlinear shallow water
	equations models: The split equation approach},
  year = {2001},
  author = {Navon I.M., Neta B.,Hussaini M.Y.},
  note = {69c},
  owner = {erthalion},
  timestamp = {2012.05.31}
}

@BOOK{ryabenky,
  title = {Метод разностных потенциалов и его приложения},
  publisher = {М.:ФИЗМАТЛИТ},
  year = {2002},
  author = {Рябенький В.С.},
  note = {496с},
  owner = {erthalion},
  timestamp = {2012.05.31}
}

@BOOK{ilgamov,
  title = {Неотражающие условия на границах расчетной области},
  publisher = {М.: ФИЗМАТЛИТ},
  year = {2003},
  author = {Ильгамов М.А., Гильманов А.Н.},
  note = {208c},
  owner = {erthalion},
  timestamp = {2012.05.31}
}

@BOOK{marchyk,
  title = {Численное моделирование волн цунами},
  publisher = {Н.: Наука},
  year = {1983},
  author = {Марчук Ан.Г., Чубаров Л.Б, Шокин Ю.И.},
  note = {168c},
  owner = {erthalion},
  timestamp = {2012.05.31}
}

@BOOK{ovsjannikov,
  title = {Нелинейные проблемы теории поверхностных и внутренних волн},
  publisher = {Н.: Наука},
  year = {1985},
  author = {Овсянников Л.В., Монахов В.Н.},
  note = {318c},
  owner = {erthalion},
  timestamp = {2012.05.31}
}

@BOOK{yanenko,
  title = {Системы квазилинейных уравнений и их приложения к газовой динамике},
  publisher = {М.: Наука},
  year = {1978},
  author = {Рождественский Б.Л., Яненко Н.Н.},
  note = {688с},
  owner = {erthalion},
  timestamp = {2012.05.31}
}

@BOOK{zakharov,
  title = {Градиентный итерационные методы решения задач гидродинамики},
  publisher = {Н.: Наука},
  year = {2004},
  author = {Захаров Ю.Н.},
  note = {238c},
  owner = {erthalion},
  timestamp = {2012.05.31}
}

